% Encoding: UTF-8


@book{Aho_1983,
 author = {Aho, Alfred V. and Hopcroft, John E. and Ullman, Jeffrey},
 title = {Data Structures and Algorithms},
 year = {1983},
 isbn = {0201000237},
 edition = {1st},
 publisher = {Addison-Wesley Longman Publishing Co., Inc.},
 address = {Boston, MA, USA}
} 

@book{Beck_2004,
 author = {Beck, Kent and Andres, Cynthia},
 title = {Extreme Programming Explained: Embrace Change (2Nd Edition)},
 year = {2004},
 isbn = {0321278658},
 publisher = {Addison-Wesley Professional}
} 

@book{Beck_2002,
 author = {Beck},
 title = {Test Driven Development: By Example},
 year = {2002},
 isbn = {0321146530},
 publisher = {Addison-Wesley Longman Publishing Co., Inc.},
 address = {Boston, MA, USA}
} 

@Book{Fowler1999,
  added-at = {2007-09-26T23:42:13.000+0200},
  address = {Boston, MA, USA},
  author = {Fowler, Martin},
  isbn = {0-201-48567-2},
  keywords = {evolution refactoring software},
  publisher = {Addison-Wesley},
  title = {Refactoring: Improving the Design of Existing Code},
  year = 1999
}

@Online{GEEKS_2018,
  author = {Geeks},
  editor = {Geeks Team},
  title  = {A computer science portal for geeks},
  year   = {2018},
  date   = {2018-10-13},
  url    = {https://www.geeksforgeeks.org},
}


@Online{TUTORIALSPOINT,
  author = {Tutorialspoint},
  editor = {Tutorialspoint},
  title  = {Tutorialspoint: simple easy learn},
  year   = {2017},
  date   = {2017-12-01},
  url    = {https://www.tutorialspoint.com/},
}